@inproceedings{DBLP:conf/sdm/2013,
  author    = {Zheng Chen and
               Chengtao Li and
               Jian{-}Tao Sun and
               Jianwen Zhang},
  title     = {Sentiment Topic Model with Decomposed Prior},
  booktitle = {Proceedings of the 13th {SIAM} International Conference on Data Mining,
               May 2-4, 2013. Austin, Texas, {USA.}},
  pages     = {767--775},
  year      = {2013},
  crossref  = {DBLP:conf/sdm/2013},
  url       = {http://dx.doi.org/10.1137/1.9781611972832.85},
  doi       = {10.1137/1.9781611972832.85},
  timestamp = {Wed, 12 Feb 2014 17:08:15 +0100},
  biburl    = {http://dblp.uni-trier.de/rec/bib/conf/sdm/ChenLSZ13},
  bibsource = {dblp computer science bibliography, http://dblp.org}
}

@article{teh2006hierarchical,
  title={Hierarchical dirichlet processes},
  author={Teh, Yee Whye and Jordan, Michael I and Beal, Matthew J and Blei, David M},
  journal={Journal of the american statistical association},
  volume={101},
  number={476},
  year={2006}
}
@article{2015arXiv151203308T,
   author = {{Than}, K. and {Doan}, T.},
    title = "{Guaranteed algorithms for inference in topic models}",
  journal = {ArXiv e-prints},
archivePrefix = "arXiv",
   eprint = {1512.03308},
 primaryClass = "stat.ML",
 keywords = {Statistics - Machine Learning},
     year = 2015,
    month = dec,
   adsurl = {http://adsabs.harvard.edu/abs/2015arXiv151203308T},
  adsnote = {Provided by the SAO/NASA Astrophysics Data System}
}


@inproceedings{wang2011online,
  title={Online variational inference for the hierarchical Dirichlet process},
  author={Wang, Chong and Paisley, John W and Blei, David M},
  booktitle={International conference on artificial intelligence and statistics},
  pages={752--760},
  year={2011}
}
@article{blei2003latent,
  title={Latent dirichlet allocation},
  author={Blei, David M and Ng, Andrew Y and Jordan, Michael I},
  journal={the Journal of machine Learning research},
  volume={3},
  pages={993--1022},
  year={2003},
  publisher={JMLR. org}
}
@article{tang2012enriching,
  title={Enriching short text representation in microblog for clustering},
  author={Tang, Jiliang and Wang, Xufei and Gao, Huiji and Hu, Xia and Liu, Huan},
  journal={Frontiers of Computer Science},
  volume={6},
  number={1},
  pages={88--101},
  year={2012},
  publisher={Springer}
}
@inproceedings{phan2008learning,
  title={Learning to classify short and sparse text \& web with hidden topics from large-scale data collections},
  author={Phan, Xuan-Hieu and Nguyen, Le-Minh and Horiguchi, Susumu},
  booktitle={Proceedings of the 17th international conference on World Wide Web},
  pages={91--100},
  year={2008},
  organization={ACM}
}
@inproceedings{yan2013learning,
  title={Learning topics in short texts by non-negative matrix factorization on term correlation matrix},
  author={Yan, Xiaohui and Guo, Jiafeng and Liu, Shenghua and Cheng, Xueqi and Wang, Yanfeng},
  booktitle={Proceedings of the SIAM International Conference on Data Mining},
  year={2013}
}
@inproceedings{yan2013biterm,
  title={A biterm topic model for short texts},
  author={Yan, Xiaohui and Guo, Jiafeng and Lan, Yanyan and Cheng, Xueqi},
  booktitle={Proceedings of the 22nd international conference on World Wide Web},
  pages={1445--1456},
  year={2013},
  organization={International World Wide Web Conferences Steering Committee}
}
@inproceedings{mehrotra2013improving,
  title={Improving lda topic models for microblogs via tweet pooling and automatic labeling},
  author={Mehrotra, Rishabh and Sanner, Scott and Buntine, Wray and Xie, Lexing},
  booktitle={Proceedings of the 36th international ACM SIGIR conference on Research and development in information retrieval},
  pages={889--892},
  year={2013},
  organization={ACM}
}
@article{mimno2012sparse,
  title={Sparse stochastic inference for latent Dirichlet allocation},
  author={Mimno, David and Hoffman, Matt and Blei, David},
  journal={arXiv preprint arXiv:1206.6425},
  year={2012}
}

@inproceedings{yin2014dirichlet,
  title={A dirichlet multinomial mixture model-based approach for short text clustering},
  author={Yin, Jianhua and Wang, Jianyong},
  booktitle={Proceedings of the 20th ACM SIGKDD international conference on Knowledge discovery and data mining},
  pages={233--242},
  year={2014},
  organization={ACM}
}
@inproceedings{aletras2013evaluating,
  title={Evaluating topic coherence using distributional semantics},
  author={Aletras, Nikolaos and Stevenson, Mark},
  booktitle={Proceedings of the 10th International Conference on Computational Semantics (IWCS 2013)},
  pages={13--22},
  year={2013}
}
@article{hoffman2013stochastic,
  title={Stochastic variational inference},
  author={Hoffman, Matthew D and Blei, David M and Wang, Chong and Paisley, John},
  journal={The Journal of Machine Learning Research},
  volume={14},
  number={1},
  pages={1303--1347},
  year={2013},
  publisher={JMLR. org}
}
@article{nigam2000text,
  title={Text classification from labeled and unlabeled documents using EM},
  author={Nigam, Kamal and McCallum, Andrew Kachites and Thrun, Sebastian and Mitchell, Tom},
  journal={Machine learning},
  volume={39},
  number={2-3},
  pages={103--134},
  year={2000},
  publisher={Springer}
}
@inproceedings{sriram2010short,
  title={Short text classification in twitter to improve information filtering},
  author={Sriram, Bharath and Fuhry, Dave and Demir, Engin and Ferhatosmanoglu, Hakan and Demirbas, Murat},
  booktitle={Proceedings of the 33rd international ACM SIGIR conference on Research and development in information retrieval},
  pages={841--842},
  year={2010},
  organization={ACM}
}
@inproceedings{hofmann1999probabilistic,
  title={Probabilistic latent semantic indexing},
  author={Hofmann, Thomas},
  booktitle={Proceedings of the 22nd annual international ACM SIGIR conference on Research and development in information retrieval},
  pages={50--57},
  year={1999},
  organization={ACM}
}
@inproceedings{hoffman2010online,
  title={Online learning for latent dirichlet allocation},
  author={Hoffman, Matthew and Bach, Francis R and Blei, David M},
  booktitle={Advances In Neural Information Processing Systems},
  pages={856--864},
  year={2010}
}
@inproceedings{bousquet2008tradeoffs,
  title={The tradeoffs of large scale learning},
  author={Bousquet, Olivier and Bottou, L{\'e}on},
  booktitle={Advances in Neural Information Processing Systems},
  pages={161--168},
  year={2008}
}
@inproceedings{DBLP:conf/acml/ThanD14,
  author    = {Khoat Than and
               Tung Doan},
  title     = {Dual online inference for Latent Dirichlet Allocation},
  booktitle = {Proceedings of the Sixth Asian Conference on Machine Learning, {ACML}
               2014, Nha Trang City, Vietnam, November 26-28, 2014.}
 
}
@inproceedings{chang2009reading,
  title={Reading tea leaves: How humans interpret topic models},
  author={Chang, Jonathan and Gerrish, Sean and Wang, Chong and Boyd-graber, Jordan L and Blei, David M},
  booktitle={Advances in neural information processing systems},
  pages={288--296},
  year={2009}
}
@article{bottou1998online,
  title={Online learning and stochastic approximations},
  author={Bottou, L{\'e}on},
  journal={On-line learning in neural networks},
  volume={17},
  number={9},
  pages={142},
  year={1998},
  publisher={Cambridge Univ Pr}
}

@inproceedings{Lin:2009:JSM:1645953.1646003,
 author = {Lin, Chenghua and He, Yulan},
 title = {Joint Sentiment/Topic Model for Sentiment Analysis},
 booktitle = {Proceedings of the 18th ACM Conference on Information and Knowledge Management},
 series = {CIKM '09},
 year = {2009},
 isbn = {978-1-60558-512-3},
 location = {Hong Kong, China},
 pages = {375--384},
 numpages = {10},
 url = {http://doi.acm.org/10.1145/1645953.1646003},
 doi = {10.1145/1645953.1646003},
 acmid = {1646003},
 publisher = {ACM},
 address = {New York, NY, USA},
 keywords = {joint sentiment/topic model, latent dirichlet allocation, opinion mining, sentiment analysis},
} 

@inproceedings{Jo:2011:ASU:1935826.1935932,
 author = {Jo, Yohan and Oh, Alice H.},
 title = {Aspect and Sentiment Unification Model for Online Review Analysis},
 booktitle = {Proceedings of the Fourth ACM International Conference on Web Search and Data Mining},
 series = {WSDM '11},
 year = {2011},
 isbn = {978-1-4503-0493-1},
 location = {Hong Kong, China},
 pages = {815--824},
 numpages = {10},
 url = {http://doi.acm.org/10.1145/1935826.1935932},
 doi = {10.1145/1935826.1935932},
 acmid = {1935932},
 publisher = {ACM},
 address = {New York, NY, USA},
 keywords = {aspect detection, sentiment analysis, topic modeling},
} 


@article{DBLP:journals/corr/BroderickBWWJ13,
  author    = {Tamara Broderick and
               Nicholas Boyd and
               Andre Wibisono and
               Ashia C. Wilson and
               Michael I. Jordan},
  title     = {Streaming Variational Bayes},
  journal   = {CoRR},
  volume    = {abs/1307.6769},
  year      = {2013},
  url       = {http://arxiv.org/abs/1307.6769},
  timestamp = {Thu, 15 Aug 2013 15:30:59 +0200},
  biburl    = {http://dblp.uni-trier.de/rec/bib/journals/corr/BroderickBWWJ13},
  bibsource = {dblp computer science bibliography, http://dblp.org}
}

@article{griffiths2002gibbs,
  title={Gibbs sampling in the generative model of latent dirichlet allocation},
  author={Griffiths, Tom},
  year={2002},
  publisher={Citeseer}
}

